<?xml version="1.0" encoding="UTF-8"?><collection xmlns="http://www.loc.gov/MARC21/slim"><record><leader>00475nam--2200169-i-4500</leader><controlfield tag="001">000026909</controlfield><controlfield tag="002">20161230</controlfield><controlfield tag="005">20161230201036</controlfield><controlfield tag="008">060222s1000------------r-----000-0-eng-d</controlfield><datafield ind1=" " ind2=" " tag="040"><subfield code="a">IFIN-HH</subfield></datafield><datafield ind1="1" ind2=" " tag="100"><subfield code="a">Knudsen, James G</subfield></datafield><datafield ind1="1" ind2="0" tag="245"><subfield code="a">Fluid dynamics and heat transfer</subfield><subfield code="c">James G. Knudsen, Donald L. Katz</subfield></datafield><datafield ind1=" " ind2=" " tag="260"><subfield code="a">Ann Arbor, Univeristy Of Michigan, 1954,</subfield></datafield><datafield ind1=" " ind2=" " tag="300"><subfield code="a">X + 243P. CU FIG</subfield></datafield><datafield ind1=" " ind2=" " tag="700"><subfield code="a">Katz, Donald L</subfield></datafield><datafield ind1=" " ind2=" " tag="852"><subfield code="a">12110</subfield><subfield code="c">532</subfield></datafield><datafield ind1=" " ind2=" " tag="CAT"><subfield code="a">Sys</subfield><subfield code="c">20100713</subfield><subfield code="h">085027</subfield></datafield></record></collection>